@inproceedings{test,
author=test,
title=test,
publication=test,
year=test
}